@book{velleman,
  author    = {Daniel J. Velleman},
  title     = {How to Prove It: A Structured Approach},
  publisher = {Cambridge University Press},
  year      = {2006},
  edition   = {2nd}
}
